%% This BibTeX bibliography file was created using BibDesk.
%% http://bibdesk.sourceforge.net/


%% Created for Felix at 2017-12-20 20:49:45 +0100 


%% Saved with string encoding Unicode (UTF-8) 



@article{active-manifesto-github,
	Author = {Biessmann, Felix and Schmidt, Philipp},
	Date-Added = {2017-12-20 19:48:37 +0000},
	Date-Modified = {2017-12-20 19:49:45 +0000},
	Journal = {\url{https://github.com/felixbiessmann/active-manifesto}},
	Title = {Active Learning for the Manifesto Project},
	Year = {2017}}

@article{merz2017,
	Author = {Merz, Nicolas},
	Date-Added = {2017-12-19 23:06:40 +0000},
	Date-Modified = {2017-12-19 23:15:51 +0000},
	Journal = {\url{http://www.zeit.de/politik/deutschland/2017-08/bundestagswahl-wahlprogramme-parteien-computeranalyse}},
	Title = {Alle Wahlprogramme lesen? Dauert nur 17 Stunden},
	Year = {2017}}

@article{bronline,
	Author = {K{\"u}hne, Steffen and Schnuck, Oliver and Sch{\"o}ffel, Robert},
	Date-Added = {2017-12-19 23:04:57 +0000},
	Date-Modified = {2017-12-19 23:05:36 +0000},
	Journal = {\url{https://web.br.de/interaktiv/wahlprogramm-analyse-bundestagswahl/}},
	Title = {Der Computer sagt: Jamaika},
	Year = {2017}}

@article{Merz2016,
	Abstract = { This article presents a digital, open-access, multilingual, annotated corpus of electoral programs. It complements the recent methodological innovations in (semi-) computerized content analysis by providing a large, standardized text corpus for the political science community. The corpus is based on the collection of the Manifesto Project, which comprises of (at the time of writing) the largest hand-annotated text corpus of electoral programs available. Since 2009 the project's costly and time-intensive procedure of collecting and coding documents has been fully digitized. As a result, it now provides more than 1800 machine readable documents from 40 different countries. Six hundred of these documents contain content-analyzed annotations at the level of single (quasi-) sentences, which correspond to the Manifesto Project coding scheme. Additionally, the corpus will continually be extended by incorporating new elections and digitizing older documents. The database also provides meta-information for each document (eg. party, election, language, etc.) that allow it to be referenced back to the Manifesto Dataset. The corpus is stored in a standardized format in an online database, and an API and R package (manifestoR) guarantee easy access. },
	Author = {Merz, Nicolas and Regel, Sven and Lewandowski, Jirka},
	Date-Added = {2017-12-19 22:53:11 +0000},
	Date-Modified = {2017-12-19 22:53:22 +0000},
	Doi = {10.1177/2053168016643346},
	Eprint = {https://doi.org/10.1177/2053168016643346},
	Journal = {Research \& Politics},
	Number = {2},
	Pages = {2053168016643346},
	Title = {The Manifesto Corpus: A new resource for research on political parties and quantitative text analysis},
	Url = {https://doi.org/10.1177/2053168016643346},
	Volume = {3},
	Year = {2016},
	Bdsk-Url-1 = {https://doi.org/10.1177/2053168016643346},
	Bdsk-Url-2 = {http://dx.doi.org/10.1177/2053168016643346}}

@article{Biessmann16,
	Archiveprefix = {arXiv},
	Author = {Bie{\ss}mann, Felix},
	Bibsource = {dblp computer science bibliography, http://dblp.org},
	Biburl = {http://dblp.org/rec/bib/journals/corr/Biessmann16},
	Date-Added = {2017-12-19 21:40:48 +0000},
	Date-Modified = {2017-12-19 21:40:54 +0000},
	Eprint = {1608.02195},
	Journal = {CoRR},
	Timestamp = {Wed, 07 Jun 2017 14:41:18 +0200},
	Title = {Automating Political Bias Prediction},
	Url = {http://arxiv.org/abs/1608.02195},
	Volume = {abs/1608.02195},
	Year = {2016},
	Bdsk-Url-1 = {http://arxiv.org/abs/1608.02195}}

@book{2012Settles,
	Author = {Settles, Burr},
	Bibsource = {dblp computer science bibliography, http://dblp.org},
	Biburl = {http://dblp.org/rec/bib/series/synthesis/2012Settles},
	Date-Added = {2017-12-19 21:29:39 +0000},
	Date-Modified = {2017-12-19 21:39:00 +0000},
	Doi = {10.2200/S00429ED1V01Y201207AIM018},
	Publisher = {Morgan {\&} Claypool Publishers},
	Series = {Synthesis Lectures on Artificial Intelligence and Machine Learning},
	Timestamp = {Tue, 16 May 2017 14:24:20 +0200},
	Title = {Active Learning},
	Url = {https://doi.org/10.2200/S00429ED1V01Y201207AIM018},
	Year = {2012},
	Bdsk-Url-1 = {https://doi.org/10.2200/S00429ED1V01Y201207AIM018},
	Bdsk-Url-2 = {http://dx.doi.org/10.2200/S00429ED1V01Y201207AIM018}}

@article{Benoit.Forthcoming,
	Author = {Benoit, Kenneth and Conway, Drew and Lauderdale, Benjamin E. and Laver, Michael and Mikhaylov, Slava},
	Date-Added = {2016-06-21 17:06:42 +0000},
	Date-Modified = {2016-06-21 17:06:42 +0000},
	Journal = {American Political Science Rewview},
	Title = {Crowd-sourced text analysis: reproducible and agile production of political data},
	Urldate = {21.06.2016},
	Year = {Forthcoming}}

@book{Martin.2014,
	Address = {Oxford},
	Date-Added = {2016-06-21 17:06:42 +0000},
	Date-Modified = {2016-06-21 17:06:42 +0000},
	Editor = {Martin, Shane and Saalfeld, Thomas and Str{\o}m, Kaare W.},
	Publisher = {{Oxford University Press}},
	Title = {The Oxford Handbook of Legislative Studies},
	Year = {2014}}

@incollection{Slapin.2014,
	Address = {Oxford},
	Author = {Slapin, Jonathan B. and Proksch, Sven-Oliver},
	Booktitle = {The Oxford Handbook of Legislative Studies},
	Date-Added = {2016-06-21 17:06:42 +0000},
	Date-Modified = {2016-06-21 17:06:42 +0000},
	Editor = {Martin, Shane and Saalfeld, Thomas and Str{\o}m, Kaare W.},
	Pages = {126--144},
	Publisher = {{Oxford University Press}},
	Title = {Word as Data: Content Analysis in Legislative Studies},
	Year = {2014}}

@article{Benoit.2,
	Author = {Benoit, Kenneth and Laver, Michael and Mikhaylov, Slava},
	Date-Added = {2016-06-21 17:06:42 +0000},
	Date-Modified = {2016-06-21 17:06:42 +0000},
	Journal = {American Journal of Political Science},
	Pages = {495--513},
	Title = {Treating Words as Data with Error: Uncertainty in Text Statements of Policy Positions},
	Urldate = {21.06.2016},
	Volume = {53},
	Year = {2}}

@url{linke-fb,
	Date-Added = {2016-06-17 18:59:25 +0000},
	Date-Modified = {2016-06-17 18:59:31 +0000},
	Title = {\url{https://www.facebook.com/linkspartei/}}}

@url{gruene-fb,
	Date-Added = {2016-06-17 18:59:09 +0000},
	Date-Modified = {2016-06-17 18:59:18 +0000},
	Title = {\url{https://www.facebook.com/B90DieGruenen/}}}

@url{cducsu-fb,
	Date-Added = {2016-06-17 18:58:39 +0000},
	Date-Modified = {2016-06-17 18:59:00 +0000},
	Title = {\url{https://www.facebook.com/CDU/}}}

@url{spd-fb,
	Date-Added = {2016-06-17 18:58:23 +0000},
	Date-Modified = {2016-06-17 18:58:35 +0000},
	Title = {\url{https://www.facebook.com/SPD/}}}

@url{bundestag-github,
	Date-Added = {2016-06-16 20:05:40 +0000},
	Date-Modified = {2016-06-16 20:05:46 +0000},
	Title = {\url{https://github.com/bundestag}}}

@url{bundestag,
	Date-Added = {2016-06-16 20:04:52 +0000},
	Date-Modified = {2016-06-16 20:05:09 +0000},
	Title = {\url{https://www.bundestag.de/protokolle}}}

@article{Grimmer2013,
	Author = {Grimmer, Justin and Stewart, Brandon M.},
	Date-Added = {2016-05-22 20:19:36 +0000},
	Date-Modified = {2016-05-22 20:19:36 +0000},
	Journal = {Political Analysis},
	Title = {Text as Data: The Promise and Pitfalls of Automatic Content Analysis Methods for Political Texts},
	Year = {2013},
	Bdsk-File-1 = {YnBsaXN0MDDUAQIDBAUGJCVYJHZlcnNpb25YJG9iamVjdHNZJGFyY2hpdmVyVCR0b3ASAAGGoKgHCBMUFRYaIVUkbnVsbNMJCgsMDxJXTlMua2V5c1pOUy5vYmplY3RzViRjbGFzc6INDoACgAOiEBGABIAFgAdccmVsYXRpdmVQYXRoWWFsaWFzRGF0YV8QLi4uLy4uLy4uLy4uL0Ryb3Bib3gvbGl0ZXJhdHVyZS9HcmltbWVyMjAxMy5wZGbSFwsYGVdOUy5kYXRhTxEBmAAAAAABmAACAAAMTWFjaW50b3NoIEhEAAAAAAAAAAAAAAAAAAAAzckVSkgrAAABI95XD0dyaW1tZXIyMDEzLnBkZgAAAAAAAAAAAAAAAAAAAAAAAAAAAAAAAAAAAAAAAAAAAAAAAAAAAAAAAAAAAAAAAAIomuTTM8pvAAAAAAAAAAAABAADAAAJIAAAAAAAAAAAAAAAAAAAAApsaXRlcmF0dXJlABAACAAAzcj5KgAAABEACAAA0zOuTwAAAAEAEAEj3lcABdOVAAXASAACEikAAgA/TWFjaW50b3NoIEhEOlVzZXJzOgBmZWxpeDoARHJvcGJveDoAbGl0ZXJhdHVyZToAR3JpbW1lcjIwMTMucGRmAAAOACAADwBHAHIAaQBtAG0AZQByADIAMAAxADMALgBwAGQAZgAPABoADABNAGEAYwBpAG4AdABvAHMAaAAgAEgARAASAC5Vc2Vycy9mZWxpeC9Ecm9wYm94L2xpdGVyYXR1cmUvR3JpbW1lcjIwMTMucGRmABMAAS8AABUAAgAM//8AAIAG0hscHR5aJGNsYXNzbmFtZVgkY2xhc3Nlc11OU011dGFibGVEYXRhox0fIFZOU0RhdGFYTlNPYmplY3TSGxwiI1xOU0RpY3Rpb25hcnmiIiBfEA9OU0tleWVkQXJjaGl2ZXLRJidUcm9vdIABAAgAEQAaACMALQAyADcAQABGAE0AVQBgAGcAagBsAG4AcQBzAHUAdwCEAI4AvwDEAMwCaAJqAm8CegKDApEClQKcAqUCqgK3AroCzALPAtQAAAAAAAACAQAAAAAAAAAoAAAAAAAAAAAAAAAAAAAC1g==}}

@inproceedings{Hirst2014,
	Author = {Hirst, Graeme and Riabinin, Yaroslav and Graham, Jory and Boizot-Roche, Magali},
	Booktitle = {From Text to Political Positions: Text analysis across disciplines},
	Date-Added = {2016-05-22 20:16:57 +0000},
	Date-Modified = {2016-05-22 20:16:57 +0000},
	Editor = {Bertie Kaal, Isa Maks and van Elfrinkhof, Annemarie},
	Pages = {47-70},
	Title = {Text to Ideology or Text to Party Status?},
	Year = {2014}}

@inproceedings{Gryc2014,
	Author = {Gryc, Wojciech and Moilanen, Karo},
	Booktitle = {From Text to Political Positions: Text analysis across disciplines},
	Date-Added = {2016-05-22 20:16:57 +0000},
	Date-Modified = {2016-05-22 20:16:57 +0000},
	Editor = {Bertie Kaal, Isa Maks and van Elfrinkhof, Annemarie},
	Pages = {47-70},
	Title = {Leveraging Textual Sentiment Analysis with Social Network Modelling},
	Year = {2014},
	Bdsk-File-1 = {YnBsaXN0MDDUAQIDBAUGJCVYJHZlcnNpb25YJG9iamVjdHNZJGFyY2hpdmVyVCR0b3ASAAGGoKgHCBMUFRYaIVUkbnVsbNMJCgsMDxJXTlMua2V5c1pOUy5vYmplY3RzViRjbGFzc6INDoACgAOiEBGABIAFgAdccmVsYXRpdmVQYXRoWWFsaWFzRGF0YV8QKy4uLy4uLy4uLy4uL0Ryb3Bib3gvbGl0ZXJhdHVyZS9HcnljMjAxNC5wZGbSFwsYGVdOUy5kYXRhTxEBjAAAAAABjAACAAAMTWFjaW50b3NoIEhEAAAAAAAAAAAAAAAAAAAAzckVSkgrAAABI95XDEdyeWMyMDE0LnBkZgAAAAAAAAAAAAAAAAAAAAAAAAAAAAAAAAAAAAAAAAAAAAAAAAAAAAAAAAAAAAAAAAAAAAIw1KDTZ9dfAAAAAAAAAAAABAADAAAJIAAAAAAAAAAAAAAAAAAAAApsaXRlcmF0dXJlABAACAAAzcj5KgAAABEACAAA02e7PwAAAAEAEAEj3lcABdOVAAXASAACEikAAgA8TWFjaW50b3NoIEhEOlVzZXJzOgBmZWxpeDoARHJvcGJveDoAbGl0ZXJhdHVyZToAR3J5YzIwMTQucGRmAA4AGgAMAEcAcgB5AGMAMgAwADEANAAuAHAAZABmAA8AGgAMAE0AYQBjAGkAbgB0AG8AcwBoACAASABEABIAK1VzZXJzL2ZlbGl4L0Ryb3Bib3gvbGl0ZXJhdHVyZS9HcnljMjAxNC5wZGYAABMAAS8AABUAAgAM//8AAIAG0hscHR5aJGNsYXNzbmFtZVgkY2xhc3Nlc11OU011dGFibGVEYXRhox0fIFZOU0RhdGFYTlNPYmplY3TSGxwiI1xOU0RpY3Rpb25hcnmiIiBfEA9OU0tleWVkQXJjaGl2ZXLRJidUcm9vdIABAAgAEQAaACMALQAyADcAQABGAE0AVQBgAGcAagBsAG4AcQBzAHUAdwCEAI4AvADBAMkCWQJbAmACawJ0AoIChgKNApYCmwKoAqsCvQLAAsUAAAAAAAACAQAAAAAAAAAoAAAAAAAAAAAAAAAAAAACxw==}}

@article{Laver2003,
	Author = {Laver, Michael and Benoit, Kenneth and Garry, John},
	Date-Added = {2016-05-22 20:16:57 +0000},
	Date-Modified = {2016-05-22 20:28:12 +0000},
	Journal = {American Political Science Review},
	Title = {Extracting Policy Positions from Political Texts Using Words as Data},
	Year = {2003},
	Bdsk-File-1 = {YnBsaXN0MDDUAQIDBAUGJCVYJHZlcnNpb25YJG9iamVjdHNZJGFyY2hpdmVyVCR0b3ASAAGGoKgHCBMUFRYaIVUkbnVsbNMJCgsMDxJXTlMua2V5c1pOUy5vYmplY3RzViRjbGFzc6INDoACgAOiEBGABIAFgAdccmVsYXRpdmVQYXRoWWFsaWFzRGF0YV8QLC4uLy4uLy4uLy4uL0Ryb3Bib3gvbGl0ZXJhdHVyZS9MYXZlcjIwMDMucGRm0hcLGBlXTlMuZGF0YU8RAZAAAAAAAZAAAgAADE1hY2ludG9zaCBIRAAAAAAAAAAAAAAAAAAAAM3JFUpIKwAAASPeVw1MYXZlcjIwMDMucGRmAAAAAAAAAAAAAAAAAAAAAAAAAAAAAAAAAAAAAAAAAAAAAAAAAAAAAAAAAAAAAAAAAAACMMw802fQhwAAAAAAAAAAAAQAAwAACSAAAAAAAAAAAAAAAAAAAAAKbGl0ZXJhdHVyZQAQAAgAAM3I+SoAAAARAAgAANNntGcAAAABABABI95XAAXTlQAFwEgAAhIpAAIAPU1hY2ludG9zaCBIRDpVc2VyczoAZmVsaXg6AERyb3Bib3g6AGxpdGVyYXR1cmU6AExhdmVyMjAwMy5wZGYAAA4AHAANAEwAYQB2AGUAcgAyADAAMAAzAC4AcABkAGYADwAaAAwATQBhAGMAaQBuAHQAbwBzAGgAIABIAEQAEgAsVXNlcnMvZmVsaXgvRHJvcGJveC9saXRlcmF0dXJlL0xhdmVyMjAwMy5wZGYAEwABLwAAFQACAAz//wAAgAbSGxwdHlokY2xhc3NuYW1lWCRjbGFzc2VzXU5TTXV0YWJsZURhdGGjHR8gVk5TRGF0YVhOU09iamVjdNIbHCIjXE5TRGljdGlvbmFyeaIiIF8QD05TS2V5ZWRBcmNoaXZlctEmJ1Ryb290gAEACAARABoAIwAtADIANwBAAEYATQBVAGAAZwBqAGwAbgBxAHMAdQB3AIQAjgC9AMIAygJeAmACZQJwAnkChwKLApICmwKgAq0CsALCAsUCygAAAAAAAAIBAAAAAAAAACgAAAAAAAAAAAAAAAAAAALM}}

@article{Slapin08ascaling,
	Author = {Slapin, Jonathan B. and Proksch, Sven-oliver},
	Date-Added = {2016-05-22 20:16:57 +0000},
	Date-Modified = {2016-05-22 20:16:57 +0000},
	Journal = {American Journal of Political Science},
	Title = {A scaling model for estimating time-series party positions from texts},
	Year = {2008},
	Bdsk-File-1 = {YnBsaXN0MDDUAQIDBAUGJCVYJHZlcnNpb25YJG9iamVjdHNZJGFyY2hpdmVyVCR0b3ASAAGGoKgHCBMUFRYaIVUkbnVsbNMJCgsMDxJXTlMua2V5c1pOUy5vYmplY3RzViRjbGFzc6INDoACgAOiEBGABIAFgAdccmVsYXRpdmVQYXRoWWFsaWFzRGF0YV8QLS4uLy4uLy4uLy4uL0Ryb3Bib3gvbGl0ZXJhdHVyZS9TbGFwaW4yMDA4LnBkZtIXCxgZV05TLmRhdGFPEQGUAAAAAAGUAAIAAAxNYWNpbnRvc2ggSEQAAAAAAAAAAAAAAAAAAADNyRVKSCsAAAEj3lcOU2xhcGluMjAwOC5wZGYAAAAAAAAAAAAAAAAAAAAAAAAAAAAAAAAAAAAAAAAAAAAAAAAAAAAAAAAAAAAAAAAAAjDJx9Nnyu4AAAAAAAAAAAAEAAMAAAkgAAAAAAAAAAAAAAAAAAAACmxpdGVyYXR1cmUAEAAIAADNyPkqAAAAEQAIAADTZ67OAAAAAQAQASPeVwAF05UABcBIAAISKQACAD5NYWNpbnRvc2ggSEQ6VXNlcnM6AGZlbGl4OgBEcm9wYm94OgBsaXRlcmF0dXJlOgBTbGFwaW4yMDA4LnBkZgAOAB4ADgBTAGwAYQBwAGkAbgAyADAAMAA4AC4AcABkAGYADwAaAAwATQBhAGMAaQBuAHQAbwBzAGgAIABIAEQAEgAtVXNlcnMvZmVsaXgvRHJvcGJveC9saXRlcmF0dXJlL1NsYXBpbjIwMDgucGRmAAATAAEvAAAVAAIADP//AACABtIbHB0eWiRjbGFzc25hbWVYJGNsYXNzZXNdTlNNdXRhYmxlRGF0YaMdHyBWTlNEYXRhWE5TT2JqZWN00hscIiNcTlNEaWN0aW9uYXJ5oiIgXxAPTlNLZXllZEFyY2hpdmVy0SYnVHJvb3SAAQAIABEAGgAjAC0AMgA3AEAARgBNAFUAYABnAGoAbABuAHEAcwB1AHcAhACOAL4AwwDLAmMCZQJqAnUCfgKMApAClwKgAqUCsgK1AscCygLPAAAAAAAAAgEAAAAAAAAAKAAAAAAAAAAAAAAAAAAAAtE=}}

@book{Kaal2014,
	Date-Added = {2016-05-22 20:16:57 +0000},
	Date-Modified = {2016-05-22 20:16:57 +0000},
	Editor = {Bertie Kaal, Isa Maks and van Elfrinkhof, Annemarie},
	Publisher = {John Benjamins},
	Title = {From Text to Political Positions: Text analysis across disciplines},
	Year = {2014}}

@article{Yu2008,
	Author = {Yu, Bei and Kaufmann, Stefan and Diermeier, Daniel},
	Date-Added = {2016-05-22 20:16:57 +0000},
	Date-Modified = {2016-05-22 20:16:57 +0000},
	Journal = {Journal of Information Technology \& Politics},
	Number = {1},
	Pages = {33--48},
	Publisher = {Taylor \& Francis},
	Title = {Classifying party affiliation from political speech},
	Volume = {5},
	Year = {2008},
	Bdsk-File-1 = {YnBsaXN0MDDUAQIDBAUGJCVYJHZlcnNpb25YJG9iamVjdHNZJGFyY2hpdmVyVCR0b3ASAAGGoKgHCBMUFRYaIVUkbnVsbNMJCgsMDxJXTlMua2V5c1pOUy5vYmplY3RzViRjbGFzc6INDoACgAOiEBGABIAFgAdccmVsYXRpdmVQYXRoWWFsaWFzRGF0YV8QKS4uLy4uLy4uLy4uL0Ryb3Bib3gvbGl0ZXJhdHVyZS9ZdTIwMDMucGRm0hcLGBlXTlMuZGF0YU8RAYQAAAAAAYQAAgAADE1hY2ludG9zaCBIRAAAAAAAAAAAAAAAAAAAAM3JFUpIKwAAASPeVwpZdTIwMDMucGRmAAAAAAAAAAAAAAAAAAAAAAAAAAAAAAAAAAAAAAAAAAAAAAAAAAAAAAAAAAAAAAAAAAAAAAACMFBQ02U67AAAAAAAAAAAAAQAAwAACSAAAAAAAAAAAAAAAAAAAAAKbGl0ZXJhdHVyZQAQAAgAAM3I+SoAAAARAAgAANNlHswAAAABABABI95XAAXTlQAFwEgAAhIpAAIAOk1hY2ludG9zaCBIRDpVc2VyczoAZmVsaXg6AERyb3Bib3g6AGxpdGVyYXR1cmU6AFl1MjAwMy5wZGYADgAWAAoAWQB1ADIAMAAwADMALgBwAGQAZgAPABoADABNAGEAYwBpAG4AdABvAHMAaAAgAEgARAASAClVc2Vycy9mZWxpeC9Ecm9wYm94L2xpdGVyYXR1cmUvWXUyMDAzLnBkZgAAEwABLwAAFQACAAz//wAAgAbSGxwdHlokY2xhc3NuYW1lWCRjbGFzc2VzXU5TTXV0YWJsZURhdGGjHR8gVk5TRGF0YVhOU09iamVjdNIbHCIjXE5TRGljdGlvbmFyeaIiIF8QD05TS2V5ZWRBcmNoaXZlctEmJ1Ryb290gAEACAARABoAIwAtADIANwBAAEYATQBVAGAAZwBqAGwAbgBxAHMAdQB3AIQAjgC6AL8AxwJPAlECVgJhAmoCeAJ8AoMCjAKRAp4CoQKzArYCuwAAAAAAAAIBAAAAAAAAACgAAAAAAAAAAAAAAAAAAAK9}}

@misc{Lowe09scalingpolicy,
	Author = {Lowe, Will and Benoit, Kenneth and Mikhaylov, Slava and Laver, Michael},
	Date-Added = {2016-05-22 20:16:57 +0000},
	Date-Modified = {2016-05-22 20:16:57 +0000},
	Title = {Scaling Policy Preferences From Coded Political Texts},
	Year = {2009},
	Bdsk-File-1 = {YnBsaXN0MDDUAQIDBAUGJCVYJHZlcnNpb25YJG9iamVjdHNZJGFyY2hpdmVyVCR0b3ASAAGGoKgHCBMUFRYaIVUkbnVsbNMJCgsMDxJXTlMua2V5c1pOUy5vYmplY3RzViRjbGFzc6INDoACgAOiEBGABIAFgAdccmVsYXRpdmVQYXRoWWFsaWFzRGF0YV8QKy4uLy4uLy4uLy4uL0Ryb3Bib3gvbGl0ZXJhdHVyZS9Mb3dlMjAxMC5wZGbSFwsYGVdOUy5kYXRhTxEBjAAAAAABjAACAAAMTWFjaW50b3NoIEhEAAAAAAAAAAAAAAAAAAAAzckVSkgrAAABI95XDExvd2UyMDEwLnBkZgAAAAAAAAAAAAAAAAAAAAAAAAAAAAAAAAAAAAAAAAAAAAAAAAAAAAAAAAAAAAAAAAAAAAIwTbXTZTkXAAAAAAAAAAAABAADAAAJIAAAAAAAAAAAAAAAAAAAAApsaXRlcmF0dXJlABAACAAAzcj5KgAAABEACAAA02Uc9wAAAAEAEAEj3lcABdOVAAXASAACEikAAgA8TWFjaW50b3NoIEhEOlVzZXJzOgBmZWxpeDoARHJvcGJveDoAbGl0ZXJhdHVyZToATG93ZTIwMTAucGRmAA4AGgAMAEwAbwB3AGUAMgAwADEAMAAuAHAAZABmAA8AGgAMAE0AYQBjAGkAbgB0AG8AcwBoACAASABEABIAK1VzZXJzL2ZlbGl4L0Ryb3Bib3gvbGl0ZXJhdHVyZS9Mb3dlMjAxMC5wZGYAABMAAS8AABUAAgAM//8AAIAG0hscHR5aJGNsYXNzbmFtZVgkY2xhc3Nlc11OU011dGFibGVEYXRhox0fIFZOU0RhdGFYTlNPYmplY3TSGxwiI1xOU0RpY3Rpb25hcnmiIiBfEA9OU0tleWVkQXJjaGl2ZXLRJidUcm9vdIABAAgAEQAaACMALQAyADcAQABGAE0AVQBgAGcAagBsAG4AcQBzAHUAdwCEAI4AvADBAMkCWQJbAmACawJ0AoIChgKNApYCmwKoAqsCvQLAAsUAAAAAAAACAQAAAAAAAAAoAAAAAAAAAAAAAAAAAAACxw==}}

@url{leftright,
	Date-Added = {2016-04-02 16:24:18 +0000},
	Date-Modified = {2016-04-02 16:24:57 +0000},
	Title = {Manifesto Codebook\\ \url{https://manifesto-project.wzb.eu/information/documents?name=handbook_v4}}}

@inproceedings{Zien2009,
	Author = {Zien, Alexander and Kr{\"a}mer, Nicole and Sonnenburg, S{\"o}ren and R{\"a}tsch, Gunnar},
	Bibsource = {DBLP, http://dblp.uni-trier.de},
	Booktitle = {ECML/PKDD},
	Crossref = {DBLP:conf/pkdd/2009-2},
	Date-Added = {2016-04-02 15:50:44 +0000},
	Date-Modified = {2016-04-02 15:50:44 +0000},
	Ee = {http://dx.doi.org/10.1007/978-3-642-04174-7_45},
	Pages = {694-709},
	Title = {The Feature Importance Ranking Measure},
	Year = {2009},
	Bdsk-File-1 = {YnBsaXN0MDDUAQIDBAUGJCVYJHZlcnNpb25YJG9iamVjdHNZJGFyY2hpdmVyVCR0b3ASAAGGoKgHCBMUFRYaIVUkbnVsbNMJCgsMDxJXTlMua2V5c1pOUy5vYmplY3RzViRjbGFzc6INDoACgAOiEBGABIAFgAdccmVsYXRpdmVQYXRoWWFsaWFzRGF0YV8QMy4uLy4uLy4uLy4uL0RvY3VtZW50cy9QYXBlcnMvMjAwOS9aaWVuL1ppZW4yMDA5LnBkZtIXCxgZV05TLmRhdGFPEQFcAAAAAAFcAAIAAAxNYWNpbnRvc2ggSEQAAAAAAAAAAAAAAAAAAAAAAAAAQkQAAf////8MWmllbjIwMDkucGRmAAAAAAAAAAAAAAAAAAAAAAAAAAAAAAAAAAAAAAAAAAAAAAAAAAAAAAAAAAAAAAAAAAAA/////wAAAAAAAAAAAAAAAAAEAAUAAAogY3UAAAAAAAAAAAAAAAAABFppZW4AAgA1LzpVc2VyczpmZWxpeDpEb2N1bWVudHM6UGFwZXJzOjIwMDk6WmllbjpaaWVuMjAwOS5wZGYAAA4AGgAMAFoAaQBlAG4AMgAwADAAOQAuAHAAZABmAA8AGgAMAE0AYQBjAGkAbgB0AG8AcwBoACAASABEABIAM1VzZXJzL2ZlbGl4L0RvY3VtZW50cy9QYXBlcnMvMjAwOS9aaWVuL1ppZW4yMDA5LnBkZgAAEwABLwAAFQACAAz//wAAgAbSGxwdHlokY2xhc3NuYW1lWCRjbGFzc2VzXU5TTXV0YWJsZURhdGGjHR8gVk5TRGF0YVhOU09iamVjdNIbHCIjXE5TRGljdGlvbmFyeaIiIF8QD05TS2V5ZWRBcmNoaXZlctEmJ1Ryb290gAEACAARABoAIwAtADIANwBAAEYATQBVAGAAZwBqAGwAbgBxAHMAdQB3AIQAjgDEAMkA0QIxAjMCOAJDAkwCWgJeAmUCbgJzAoACgwKVApgCnQAAAAAAAAIBAAAAAAAAACgAAAAAAAAAAAAAAAAAAAKf}}

@url{fipidemo,
	Date-Added = {2016-04-02 07:49:07 +0000},
	Date-Modified = {2016-04-03 18:01:13 +0000},
	Title = {A web demo of political bias prediction for german language \url{http://fipi-dev.elasticbeanstalk.com}},
	Url = {\url{http://fipi-dev.elasticbeanstalk.com/}},
	Year = {2016},
	Bdsk-Url-1 = {http://fipi-dev.elasticbeanstalk.com/}}

@url{fipi,
	Date-Added = {2016-04-02 07:48:37 +0000},
	Date-Modified = {2016-04-03 18:00:04 +0000},
	Title = {Github repository for political bias prediction code \url{https://github.com/felixbiessmann/fipi}},
	Year = {2016}}

@article{Arzheimer2016,
	Author = {Arzheimer, Kai},
	Date-Added = {2016-04-02 07:33:30 +0000},
	Date-Modified = {2016-04-02 07:33:52 +0000},
	Journal = {West European Politics},
	Title = {The AfD: Finally a Successful Right-Wing Populist Eurosceptic Party for Germany?},
	Year = {2016}}

@book{manifesto,
	Address = {\url{https://manifestoproject.wzb.eu/information/documents/corpus}},
	Author = {Lehmann, Pola and Matthie{\ss}, Theres and Merz, Nicolas and Regel, Sven and Werner, Annika},
	Date-Added = {2016-03-30 21:09:36 +0000},
	Date-Modified = {2016-06-21 19:53:30 +0000},
	Publisher = {WZB Berlin Social Science Center.},
	Title = {Manifesto Corpus},
	Year = {2015}}

@article{Haufe2013,
	Author = {Haufe, Stefan and Meinecke, Frank and G{\"o}rgen, Kai and D\"ahne, Sven and Haynes, John-Dylan and Blankertz, Benjamin and Biessmann, Felix},
	Date-Added = {2015-08-30 18:32:49 +0000},
	Date-Modified = {2015-08-30 18:32:49 +0000},
	Journal = {Neuroimage},
	Pages = {96--110},
	Title = {On the interpretation of weight vectors of linear models in multivariate neuroimaging},
	Volume = {87},
	Year = {2014},
	Bdsk-File-1 = {YnBsaXN0MDDUAQIDBAUGJCVYJHZlcnNpb25YJG9iamVjdHNZJGFyY2hpdmVyVCR0b3ASAAGGoKgHCBMUFRYaIVUkbnVsbNMJCgsMDxJXTlMua2V5c1pOUy5vYmplY3RzViRjbGFzc6INDoACgAOiEBGABIAFgAdccmVsYXRpdmVQYXRoWWFsaWFzRGF0YV8QNS4uLy4uLy4uLy4uL0RvY3VtZW50cy9QYXBlcnMvMjAxMy9IYXVmZS9IYXVmZTIwMTMucGRm0hcLGBlXTlMuZGF0YU8RAWQAAAAAAWQAAgAADE1hY2ludG9zaCBIRAAAAAAAAAAAAAAAAAAAAAAAAABCRAAB/////w1IYXVmZTIwMTMucGRmAAAAAAAAAAAAAAAAAAAAAAAAAAAAAAAAAAAAAAAAAAAAAAAAAAAAAAAAAAAAAAAAAAD/////AAAAAAAAAAAAAAAAAAQABQAACiBjdQAAAAAAAAAAAAAAAAAFSGF1ZmUAAAIANy86VXNlcnM6ZmVsaXg6RG9jdW1lbnRzOlBhcGVyczoyMDEzOkhhdWZlOkhhdWZlMjAxMy5wZGYAAA4AHAANAEgAYQB1AGYAZQAyADAAMQAzAC4AcABkAGYADwAaAAwATQBhAGMAaQBuAHQAbwBzAGgAIABIAEQAEgA1VXNlcnMvZmVsaXgvRG9jdW1lbnRzL1BhcGVycy8yMDEzL0hhdWZlL0hhdWZlMjAxMy5wZGYAABMAAS8AABUAAgAM//8AAIAG0hscHR5aJGNsYXNzbmFtZVgkY2xhc3Nlc11OU011dGFibGVEYXRhox0fIFZOU0RhdGFYTlNPYmplY3TSGxwiI1xOU0RpY3Rpb25hcnmiIiBfEA9OU0tleWVkQXJjaGl2ZXLRJidUcm9vdIABAAgAEQAaACMALQAyADcAQABGAE0AVQBgAGcAagBsAG4AcQBzAHUAdwCEAI4AxgDLANMCOwI9AkICTQJWAmQCaAJvAngCfQKKAo0CnwKiAqcAAAAAAAACAQAAAAAAAAAoAAAAAAAAAAAAAAAAAAACqQ==}}

@inproceedings{remquahey2010,
	Author = {Remus, R. and Quasthoff, U. and Heyer, G.},
	Booktitle = {Proceedings of the 7th International Language Resources and Evaluation (LREC'10)},
	Date-Added = {2015-08-30 18:23:04 +0000},
	Date-Modified = {2015-08-30 18:23:04 +0000},
	Title = {SentiWS -- a Publicly Available German-language Resource for Sentiment Analysis},
	Year = {2010}}

@unpublished{stopwords,
	Author = {Solaris},
	Date-Added = {2015-08-30 18:19:21 +0000},
	Date-Modified = {2015-08-30 18:19:40 +0000},
	Note = {\url{http://solariz.de/649/deutsche-stopwords.htm}},
	Title = {Stopword List}}

@unpublished{plenarprotokolle,
	Author = {Bundestag, Deutscher},
	Date-Added = {2015-08-30 17:42:04 +0000},
	Date-Modified = {2015-08-30 17:42:49 +0000},
	Note = {\url{http://www.bundestag.de/plenarprotokolle}},
	Title = {Plenarprotokolle des Deutschen Bundestags},
	Year = {2013-2015}}

@unpublished{linksrechts_code,
	Author = {Biessmann, Felix and Kirsch, Daniel},
	Date-Added = {2015-08-30 17:33:59 +0000},
	Date-Modified = {2015-08-30 18:20:10 +0000},
	Note = {\url{http://github.com/kirel/political-affiliation-prediction}},
	Title = {Political Party Affiliation Prediction GitHub Repository},
	Year = {2015}}

@unpublished{linksrechts,
	Author = {Biessmann, Felix and Kirsch, Daniel},
	Date-Added = {2015-08-30 17:32:57 +0000},
	Date-Modified = {2015-08-30 18:20:05 +0000},
	Note = {\url{http://www.linksrechts.kirelabs.org}},
	Title = {Political Party Affiliation Prediction},
	Year = {2015}}

@unpublished{gruene_parteiprogramm,
	Author = {{B\"undnis 90/Gr\"une}},
	Date-Added = {2015-08-29 11:26:21 +0000},
	Date-Modified = {2015-08-29 11:28:43 +0000},
	Note = {\url{http://www.gruene.de/fileadmin/user_upload/Dokumente/Wahlprogramm/Wahlprogramm-barrierefrei.pdf}},
	Title = {Parteiprogramm},
	Year = {2013}}

@unpublished{linke_parteiprogramm,
	Author = {LINKE, DIE},
	Date-Added = {2015-08-29 11:25:21 +0000},
	Date-Modified = {2015-08-29 11:28:12 +0000},
	Note = {\url{https://www.die-linke.de/fileadmin/download/wahlen2013/bundestagswahlprogramm/bundestagswahlprogramm2013_langfassung.pdf}},
	Title = {Parteiprogramm},
	Year = {2013}}

@unpublished{cdu_parteiprogramm,
	Author = {CDU/CSU},
	Date-Added = {2015-08-29 11:24:27 +0000},
	Date-Modified = {2015-08-29 11:25:19 +0000},
	Note = {\url{http://www.cdu.de/sites/default/files/media/dokumente/regierungsprogramm-2013-2017-langfassung-20130911.pdf}},
	Title = {Parteiprogramm},
	Year = {2013}}

@unpublished{spd_parteiprogramm,
	Author = {SPD},
	Date-Added = {2015-08-29 11:19:08 +0000},
	Date-Modified = {2015-08-29 11:29:19 +0000},
	Note = {\url{https://www.spd.de/linkableblob/96686/data/20130415_regierungsprogramm_2013_2017.pdf}},
	Title = {Parteiprogramm},
	Year = {2013}}

@article{scikit-learn,
	Author = {Pedregosa, F. and Varoquaux, G. and Gramfort, A. and Michel, V. and Thirion, B. and Grisel, O. and Blondel, M. and Prettenhofer, P. and Weiss, R. and Dubourg, V. and Vanderplas, J. and Passos, A. and Cournapeau, D. and Brucher, M. and Perrot, M. and Duchesnay, E.},
	Date-Added = {2015-07-13 17:59:54 +0000},
	Date-Modified = {2015-07-13 17:59:54 +0000},
	Journal = {Journal of Machine Learning Research},
	Pages = {2825--2830},
	Title = {Scikit-learn: Machine Learning in {P}ython},
	Volume = {12},
	Year = {2011}}

@comment{BibDesk Static Groups{
<?xml version="1.0" encoding="UTF-8"?>
<!DOCTYPE plist PUBLIC "-//Apple//DTD PLIST 1.0//EN" "http://www.apple.com/DTDs/PropertyList-1.0.dtd">
<plist version="1.0">
<array>
	<dict>
		<key>group name</key>
		<string>AKA Seminar</string>
		<key>keys</key>
		<string></string>
	</dict>
	<dict>
		<key>group name</key>
		<string>amyo</string>
		<key>keys</key>
		<string></string>
	</dict>
</array>
</plist>
}}
